<?xml version="1.0" encoding="UTF-8"?><collection xmlns="http://www.loc.gov/MARC21/slim"><record><leader>00500nam--2200133-i-4500</leader><controlfield tag="001">000029901</controlfield><controlfield tag="002">20161230</controlfield><controlfield tag="005">20161230201038</controlfield><controlfield tag="008">060222s1000------------r-----000-0-eng-d</controlfield><datafield ind1=" " ind2=" " tag="080"><subfield code="a">62-52(047):539.1.075(047):51-3(047):519.6(047)</subfield></datafield><datafield ind1=" " ind2=" " tag="100"><subfield code="a">Kursawe, P., Rietzschel, K., Veith, H</subfield></datafield><datafield ind1=" " ind2=" " tag="245"><subfield code="a">Calas 69/4 ein realzeitbetriebssystem mit interaktiver datenmanipulation zur laborautomatisierung und prozessteuerung</subfield></datafield><datafield ind1=" " ind2=" " tag="260"><subfield code="a">Karlsruhe, Kernforschungsanlage Karlsruhe, 1975. 58p.+16 Bild</subfield></datafield><datafield ind1=" " ind2=" " tag="852"><subfield code="a">18754</subfield></datafield></record></collection>